@misc{jseWebsite,
	title = {JSE Overview},
	year = {2013},
	url = {https://www.jse.co.za/about/history-company-overview},
	note = {Last Accessed: 22/08/2017},
}

@online{jseannualreport,
	ALTauthor = {author},
	ALTeditor = {editor},
	title = {JSE Limited Integrated Annual Report For The Year Ended 31 December 2016},
	year = {2016},
	month = {December},
	day ={31},
	url = {http://ir.jse.co.za/phoenix.zhtml?c=198120&p=irol-reportsannual},
	note = {Last Accessed: 22/08/2017},
}

@online{volatile,
	author = {Wolski, Chris},
	ALTeditor = {editor},
	title = {Five Factors or Events that Affect the Stock Market},
	url = {http://smallbusiness.chron.com/five-factors-events-affect-stock-market-3384.html},
	note = {Last Accessed: 22/08/2017},
}

@online{sandp,
	author = {S\&P Global},
	ALTeditor = {editor},
	title = {S\&P downgrades SA to junk},
	year = {2017},
	month = {April},
	date = {03},
	url= {https://www.cnbcafrica.com/news/southern-africa/2017/04/03/south-africa-long-term-foreign-currency-rating-cut-bb- \\ political-institutional-uncertainty-outlook-negative/},
	note = {Last Accessed: 22/08/2017}
}


@online{reshuffle,
	author = {York, Geoffrey},
	ALTeditor = {editor},
	title = {Rand in freefall as Zuma axes Gordhan, Jonas},
	year = {2017},
	month = {March},
	date = {30},
	url = {http://www.fin24.com/Markets/Currencies/rand-tumbles-as-zuma-starts-cabinet-reshuffle-20170330},
	note = {Last Accessed: 23/08/2017},
}

@online{fitch,
	ALTauthor = {author},
	ALTeditor = {editor},
	title = {Fitch Downgrades South Africa to 'BB+'; Outlook Stable},
	year = {2017},
	month = {April},
	date = {07},
	url = {http://www.reuters.com/article/fitch-downgrades-south-africa-to-bb-outl-idUSFit995526},
	note = {Last Accessed: 23/08/2017},
}

@online{recession,
	author = {Davies, Marc},
	ALTeditor = {editor},
	title = {South Africa Is Now Officially In A Recession As The Economy Keeps On Shrinking},
	year = {2017},
	month = {June},
	date = {06},
	url = {http://www.huffingtonpost.co.za/2017/06/06/south-africa-is-now-officially-in-a-recession-as-the-economy-kee_a_22128210/},
	note = {Last Accessed: 23/08/2017},
}

@online{jseDoomandGloom,
	author = {Steyn, Lisa},
	ALTeditor = {editor},
	title = {JSE: Why all the doom and gloom?},
	year = {2015},
	month = {March},
	date = {06},
	url = {https://mg.co.za/article/2015-03-05-jse-why-all-the-doom-and-gloom},
	note = {Last Accessed: 23/08/2017},
}

@online{naspersSurge,
	author = {EasyEquities},
	title = {Behind the Naspers Share Surge},
	year = {2017},
	month = {August},
	date = {22},
	url = {http://www.fin24.com/Tech/Companies/behind-the-naspers-share-surge-20170525},
	note = {Last Accessed: 22/08/2017},
}
@misc{podcastRenier,
	author = {Global Investing},
	title = {Nice Margin of Safety in Naspers Thanks To Its Tencent Links},
	year = {2017},
	month = {August},
	date = {23},
	note = {Last Accessed: 21/08/2017},
}
@misc{futureOfNaspers,
	author = {Memeburn},
	title = {Naspers: What Next For South Africa's Most Important Internet Company?},
	year = {2016},
	month = {July},
	date = {01},
	note = {Last Accessed: 21/08/2017},
}
@online{naspersWebsite,
	author = {Naspers},
	title = {Internet Solutions Finalises Acquisition of MWEB},
	year = {2017},
	month = {May},
	date = {17},
	url = {https://www.naspers.com/news/internet-solutions-finalises-acquisition-of-mweb},
	note = {Last Accessed: 22/08/2017},
}

@online{backToFuture,
	author = {Money Web},
	title = {Back to The Future},
	year = {2015},
	month = {June},
	date = {18},
	url = {https://www.moneyweb.co.za/moneyweb-radio/rsg-terug-na-die-toekoms/naspers-growth-prospects-for-chinese-market-mind-boggling/},
	note = {Last Accessed: 22/08/2017},
}


@misc{thebe_stockbroking_stock_2017,
	title = {Stock Select Monthly},
	url = {http://www.thebestockbroking.co.za/downloads/StockSelectMonthly.pdf},
	author = {Thebe Stockbroking},
	month = {May},
	year = {2017},
	note = {Last Accessed: 25/08/2017},
}

@misc{ftse_russell_ftse/jse_2017,
	title = {FTSE/JSE All-Share Index},
	author = {FTSE Russell},
	month = {July},
	year = {2017},
	note = {Last Accessed: 25/08/2017}
}

@techreport{naspers_limited_integrated_2017,
	title = {Integrated Annual Report for the Year Ended 31 March 2017},
	url = {http://www.naspers-reports.com/2017/pdf/iar-2017-hires.pdf},
	author = {Naspers Limited},
	month = {March},
	year = {2017},
	note = {Last Accessed: 25/08/2017},
	pages = {128}
}

@misc{internet_world_stats_world_2017,
	title = {World Internet Users and 2017 Population Stats},
	url = {http://www.internetworldstats.com/stats.htm},
	journal = {Internet Usage Statistics},
	author = {{Internet World Stats}},
	month = {August},
	year = {2017},
	note = {Last Accessed: 26/08/2017},
}

@misc{noauthor_global_2017,
	title = {Global Social Media Statistics Summary 2017},
	url = {http://www.smartinsights.com/social-media-marketing/social-media-strategy/new-global-social-media-research/},
	abstract = {Our compilation of the latest social media statistics of consumer adoption and usage Social networks are now so well established, that there are now a core. Marketing topic(s):Social media strategy. Advice by Dave Chaffey.},
	urldate = {2017-08-26},
	journal = {Smart Insights},
	month = {April},
	year = {2017},
	note = {Last Accessed: 26/08/2017},
}

@misc{internet_world_statistics_todays_2017,
	title = {Today's road to e-Commerce and Global Trade Internet Technology Reports},
	url = {http://www.internetworldstats.com/emarketing.htm},
	journal = {Internet Growth Statistics},
	author = {{Internet World Statistics}},
	month = {August},
	year = {2017},
	note = {Last Accessed: 26/08/2017},
}

@article{noauthor_china_2017,
	chapter = {Asia},
	title = {China profile - {Media}},
	url = {http://www.bbc.com/news/world-asia-pacific-13017881},
	abstract = {Notes on the media in China and links to broadcasters and newspapers.},
	language = {en-GB},
	urldate = {2017-08-26},
	journal = {BBC News},
	month = {April},
	year = {2017},
	note = {Last Accessed: 26/08/2017},
}

@misc{stafford_thomas_why_2017,
	title = {Why Naspers Is Still a Buy},
	url = {https://www.businesslive.co.za/fm/money-and-investing/2017-03-30-naspers-cents-add-up-to-more-than-rands/},
	abstract = {The company’s stake in China’s Tencent has brought it huge profit, but other operations’ contribution lagged},
	urldate = {2017-08-26},
	author = {{Stafford Thomas}},
	month = {March},
	year = {2017},
	note = {Last Accessed: 26/08/2017},
}

@misc{asha_spekman_5_2016,
	title = {5 Stocks You Should Probably Buy in 2016},
	url = {https://www.timeslive.co.za/sunday-times/business/2016-01-03-5-stocks-you-should-probably-buy-in-2016/},
	abstract = {Asset management companies share some of their recommendations on which JSE-listed companies to invest in during 2016. These tips could inspire a new year’s resolution to start investing. NaspersThis firm favourite has bounced back after sliding from a high of R2029 a share on April 13 to under R1700 in August after it emerged that chairman and former CEO Koos Bekker had offloaded 70\% of his stake in the media company when he exercised his share options.},
	urldate = {2017-08-26},
	journal = {Sunday Times Business},
	author = {{Asha Spekman}},
	month = {January},
	year = {2016},
	note = {Last Accessed: 26/08/2017},
}


@misc{noauthor_smoking_2016,
	title = {Smoking in {South} {Africa} vs the world},
	url = {https://businesstech.co.za/news/lifestyle/125365/smoking-in-south-africa-vs-the-world/},
	abstract = {The World Bank has released a report on global smoking habits, showing which countries have the most smokers, and how the figures have changed over the past 15 years.},
	urldate = {2017-08-27},
	journal = {BusinessTech},
	month = {June},
	year = {2016},
	note = {Last Accessed: 27/08/2017},
}
